@book {PCHU,
	title = {FPGA Prototyping with VHDL Examples},
	author = {Pong. P Chu},
	publisher = {Wiley-Interscience},
	year = {2008},
	language = {english}
}
